@article{carpenter2017stan,
  title={Stan: A probabilistic programming language},
  author={Carpenter, Bob and Gelman, Andrew and Hoffman, Matthew D and Lee, Daniel and Goodrich, Ben and Betancourt, Michael and Brubaker, Marcus and Guo, Jiqiang and Li, Peter and Riddell, Allen},
  journal={Journal of statistical software},
  volume={76},
  number={1},
  year={2017},
  publisher={Columbia Univ., New York, NY (United States); Harvard Univ., Cambridge, MA~â€¦}
}

@misc{stan2018rstan,
  title={RStan: the R Interface to Stan. R package version 2.17. 3},
  author={Stan Development Team and others},
  year={2018}
}

@article{renganayaki2005identification,
  title={Identification of male-specific AFLP markers in dioecious Texas bluegrass},
  author={Renganayaki, K and Jessup, RW and Burson, BL and Hussey, MA and Read, JC},
  journal={Crop science},
  volume={45},
  number={6},
  pages={2529--2539},
  year={2005},
  publisher={Crop Science Society of America}
}

@article{renganayaki2001genetic,
  title={Genetic diversity among Texas bluegrass genotypes (Poa arachnifera Torr.) revealed by AFLP and RAPD markers},
  author={Renganayaki, K and Read, JC and Fritz, AK},
  journal={Theoretical and Applied Genetics},
  volume={102},
  number={6-7},
  pages={1037--1045},
  year={2001},
  publisher={Springer}
}